<record><leader>01668pam a2200421 i 4500</leader><controlfield tag="001">6790420</controlfield><controlfield tag="003">OCoLC</controlfield><controlfield tag="005">20150115112504.0</controlfield><controlfield tag="008">141010s2015    nyu    c      000 1 eng  </controlfield><datafield ind1=" " ind2=" " tag="010"><subfield code="a">  2014038728</subfield></datafield><datafield ind1=" " ind2=" " tag="020"><subfield code="a">9781442494978 (hardcover)</subfield></datafield><datafield ind1=" " ind2=" " tag="020"><subfield code="a">1442494972 (hardcover)</subfield></datafield><datafield ind1=" " ind2=" " tag="020"><subfield code="a">9781442494985 (tradepaper)</subfield></datafield><datafield ind1=" " ind2=" " tag="020"><subfield code="a">1442494980 (tradepaper)</subfield></datafield><datafield ind1=" " ind2=" " tag="035"><subfield code="a">ocn892804091</subfield></datafield><datafield ind1=" " ind2=" " tag="040"><subfield code="a">DLC</subfield><subfield code="b">eng</subfield><subfield code="e">rda</subfield><subfield code="c">DLC</subfield><subfield code="d">OCLCO</subfield><subfield code="d">CGP</subfield><subfield code="d">OCLCO</subfield><subfield code="d">BKL</subfield><subfield code="d">ZHB</subfield><subfield code="d">UOK</subfield><subfield code="d">UAB</subfield><subfield code="d">AEU</subfield></datafield><datafield ind1=" " ind2=" " tag="042"><subfield code="a">lcac</subfield><subfield code="a">pcc</subfield></datafield><datafield ind1="0" ind2="0" tag="050"><subfield code="a">PZ7.D78325</subfield><subfield code="b">Su 2015</subfield></datafield><datafield ind1="0" ind2="4" tag="082"><subfield code="a">[Fic]</subfield><subfield code="2">23</subfield></datafield><datafield ind1=" " ind2=" " tag="090"><subfield code="a">PZ 7 D78325 Ste 2015</subfield><subfield code="b">AEU</subfield></datafield><datafield ind1="1" ind2=" " tag="100"><subfield code="a">Draper, Sharon M.</subfield><subfield code="q">(Sharon Mills),</subfield><subfield code="e">author.</subfield></datafield><datafield ind1="1" ind2="0" tag="245"><subfield code="a">Stella by starlight /</subfield><subfield code="c">Sharon M. Draper.</subfield></datafield><datafield ind1=" " ind2=" " tag="250"><subfield code="a">First edition.</subfield></datafield><datafield ind1=" " ind2="1" tag="264"><subfield code="a">New York :</subfield><subfield code="b">Atheneum Books for Young Readers,</subfield><subfield code="c">[2015]</subfield></datafield><datafield ind1=" " ind2=" " tag="300"><subfield code="a">320 pages ;</subfield><subfield code="c">22 cm</subfield></datafield><datafield ind1=" " ind2=" " tag="336"><subfield code="a">text</subfield><subfield code="2">rdacontent</subfield></datafield><datafield ind1=" " ind2=" " tag="337"><subfield code="a">unmediated</subfield><subfield code="2">rdamedia</subfield></datafield><datafield ind1=" " ind2=" " tag="338"><subfield code="a">volume</subfield><subfield code="2">rdacarrier</subfield></datafield><datafield ind1=" " ind2=" " tag="520"><subfield code="a">When a burning cross set by the Klan causes panic and fear in 1932 Bumblebee, North Carolina, fifth-grader Stella must face prejudice and find the strength to demand change in her segregated town.</subfield></datafield><datafield ind1=" " ind2=" " tag="596"><subfield code="a">41</subfield></datafield><datafield ind1="2" ind2="0" tag="610"><subfield code="a">Ku Klux Klan (1915- )</subfield><subfield code="v">Juvenile fiction.</subfield></datafield><datafield ind1=" " ind2="0" tag="650"><subfield code="a">Prejudices</subfield><subfield code="v">Juvenile fiction.</subfield></datafield><datafield ind1=" " ind2="0" tag="650"><subfield code="a">Segregation</subfield><subfield code="v">Juvenile fiction.</subfield></datafield><datafield ind1=" " ind2="0" tag="650"><subfield code="a">Civil rights</subfield><subfield code="v">Juvenile fiction.</subfield></datafield><datafield ind1=" " ind2="0" tag="650"><subfield code="a">African Americans</subfield><subfield code="v">Juvenile fiction.</subfield></datafield><datafield ind1=" " ind2="0" tag="651"><subfield code="a">North Carolina</subfield><subfield code="x">History</subfield><subfield code="y">20th century</subfield><subfield code="v">Juvenile fiction.</subfield></datafield><datafield ind1=" " ind2=" " tag="949"><subfield code="a">PZ 7 D78325 Ste 2015</subfield><subfield code="c">1</subfield><subfield code="h">UAED-CU-B</subfield><subfield code="i">0162035227279</subfield></datafield><datafield ind1=" " ind2=" " tag="926"><subfield code="a">PZ 7 D78325 Ste 2015</subfield><subfield code="w">LC</subfield><subfield code="c">1</subfield><subfield code="i">0162035227279</subfield><subfield code="l">CURRICULUM</subfield><subfield code="m">UAEDUC</subfield><subfield code="p">$150.00</subfield><subfield code="r">Y</subfield><subfield code="s">Y</subfield><subfield code="t">BOOK</subfield><subfield code="u">1/28/2015</subfield></datafield></record>